
@article{hooten2017,
	title = {Basis Function Models for Animal Movement},
	author = {Hooten, Mevin B. and Johnson, Devin S.},
	year = {2017},
	month = {04},
	date = {2017-04-03},
	journal = {Journal of the American Statistical Association},
	pages = {578--589},
	volume = {112},
	number = {518},
	doi = {10.1080/01621459.2016.1246250},
	url = {http://dx.doi.org/10.1080/01621459.2016.1246250},
	langid = {en}
}

@article{scharf2018,
	title = {Process convolution approaches for modeling interacting trajectories},
	author = {Scharf, Henry R. and Hooten, Mevin B. and Johnson, Devin S. and Durban, John W.},
	year = {2018},
	month = {01},
	date = {2018-01-29},
	journal = {Environmetrics},
	volume = {29},
	number = {3},
	doi = {10.1002/env.2487},
	url = {http://dx.doi.org/10.1002/ENV.2487},
	langid = {en}
}
